<?xml version="1.0" encoding="UTF-8"?><collection xmlns="http://www.loc.gov/MARC21/slim"><record><leader>00433nam--2200145-i-4500</leader><controlfield tag="001">000014609</controlfield><controlfield tag="002">20161230</controlfield><controlfield tag="005">20161230201030</controlfield><controlfield tag="008">060222s1000------------r-----000-0-eng-d</controlfield><datafield ind1=" " ind2=" " tag="020"><subfield code="a">394</subfield></datafield><datafield ind1=" " ind2=" " tag="100"><subfield code="a">Nietert, R.E</subfield></datafield><datafield ind1=" " ind2=" " tag="245"><subfield code="a">Abdel-khalik, s.i</subfield></datafield><datafield ind1=" " ind2=" " tag="260"><subfield code="a">An Experimental Investigation Of The Convec- Tive Heat Transfer Characteristic Of Particle Bed Type Fusion Blankets</subfield></datafield><datafield ind1=" " ind2=" " tag="490"><subfield code="a">Uwfdm</subfield></datafield><datafield ind1=" " ind2=" " tag="852"><subfield code="a">621.039.619:621.039.634(047.3)</subfield></datafield></record></collection>